@inproceedings{knight-graehl-1,
  author    = {Kevin Knight and Jonathan Graehl},
  title     = {Machine Transliteration},
  booktitle = {35th Annual Meeting of the Association for Computational Linguistics and 8th Conference of the European Chapter of the Association for Computational Linguistics, Proceedings of the Conference, 7-12 July 1997, Universidad Nacional de Educaci{\'{o}}n a Distancia (UNED), Madrid, Spain.},
  pages     = {128--135},
  year      = {1997},
  crossref  = {DBLP:conf/acl/1997},
  url       = {http://aclweb.org/anthology/P/P97/P97-1017.pdf},
  timestamp = {Mon, 19 Dec 2016 11:52:01 +0100},
  biburl    = {http://dblp.uni-trier.de/rec/bib/conf/acl/KnightG97},
  bibsource = {dblp computer science bibliography, http://dblp.org}
}
@inproceedings{virga-khudanpur-1,
  author    = {Paola Virga and Sanjeev Khudanpur},
  title     = {Transliteration of proper names in cross-language applications},
  booktitle = {{SIGIR} 2003: Proceedings of the 26th Annual International {ACM} {SIGIR} Conference on Research and Development in Information Retrieval, July 28 - August 1, 2003, Toronto, Canada},
  pages     = {365--366},
  year      = {2003},
  crossref  = {DBLP:conf/sigir/2003},
  url       = {http://doi.acm.org/10.1145/860435.860503},
  doi       = {10.1145/860435.860503},
  timestamp = {Wed, 08 Feb 2017 13:37:23 +0100},
  biburl    = {http://dblp.uni-trier.de/rec/bib/conf/sigir/VirgaK03},
  bibsource = {dblp computer science bibliography, http://dblp.org}
}
@inproceedings{kumaran-1,
 author = {Kumaran, A. and Kellner, Tobias},
 title = {A Generic Framework for Machine Transliteration},
 booktitle = {Proceedings of the 30th Annual International ACM SIGIR Conference on Research and Development in Information Retrieval},
 series = {SIGIR '07},
 year = {2007},
 isbn = {978-1-59593-597-7},
 location = {Amsterdam, The Netherlands},
 pages = {721--722},
 numpages = {2},
 url = {http://doi.acm.org/10.1145/1277741.1277876},
 doi = {10.1145/1277741.1277876},
 acmid = {1277876},
 publisher = {ACM},
 address = {New York, NY, USA},
 keywords = {crosslingual information retrieval, machine transliteration}
} 
@inproceedings{ganesh-1,
  author    = {Prasad Pingali and Surya Ganesh and Sree Harsha Yella and Vasudeva Varma},
  title     = {Statistical Transliteration for Cross Language Information Retrieval using {HMM} alignment model and {CRF}},
  booktitle = {Third International Joint Conference on Natural Language Processing, {IJCNLP} 2008, Hyderabad, India, January 7-12, 2008},
  pages     = {42--47},
  year      = {2008},
  crossref  = {DBLP:conf/ijcnlp/2008},
  url       = {http://aclweb.org/anthology/I/I08/I08-6006.pdf},
  timestamp = {Tue, 28 Jan 2014 13:42:56 +0100},
  biburl    = {http://dblp.uni-trier.de/rec/bib/conf/ijcnlp/PingaliSYV08},
  bibsource = {dblp computer science bibliography, http://dblp.org}
}
@article{oh-hybrid-1,
  author    = {Jong{-}Hoon Oh and Key{-}Sun Choi and Hitoshi Isahara},
  title     = {A machine transliteration model based on correspondence between graphemes and phonemes},
  journal   = {{ACM} Trans. Asian Lang. Inf. Process.},
  volume    = {5},
  number    = {3},
  pages     = {185--208},
  year      = {2006},
  url       = {http://doi.acm.org/10.1145/1194936.1194938},
  doi       = {10.1145/1194936.1194938},
  timestamp = {Tue, 06 Mar 2007 10:39:41 +0100},
  biburl    = {http://dblp.uni-trier.de/rec/bib/journals/talip/OhCI06},
  bibsource = {dblp computer science bibliography, http://dblp.org}
}
@InProceedings{finch-news-2016-1,
  author    = {Finch, Andrew  and  Liu, Lemao  and  Wang, Xiaolin  and  Sumita, Eiichiro},
  title     = {Target-Bidirectional Neural Models for Machine Transliteration},
  booktitle = {Proceedings of the Sixth Named Entity Workshop},
  month     = {August},
  year      = {2016},
  address   = {Berlin, Germany},
  publisher = {Association for Computational Linguistics},
  pages     = {78--82},
  url       = {http://www.aclweb.org/anthology/W16-2711}
}
@article{chinnakotla-1,
 author = {Chinnakotla, Manoj K. and Damani, Om P. and Satoskar, Avijit},
 title = {Transliteration for Resource-Scarce Languages},
 issue_date = {December 2010},
 volume = {9},
 number = {4},
 month = dec,
 year = {2010},
 issn = {1530-0226},
 pages = {14:1--14:30},
 articleno = {14},
 numpages = {30},
 url = {http://doi.acm.org/10.1145/1838751.1838753},
 doi = {10.1145/1838751.1838753},
 acmid = {1838753},
 publisher = {ACM},
 address = {New York, NY, USA},
 keywords = {Transliteration, character sequence modeling, cross entropy, prefix-based partial match (PPM), resource-scarce languages},
}
@article{kumaran-2,
 author = {Kumaran, A. and Khapra, Mitesh M. and Bhattacharyya, Pushpak},
 title = {Compositional Machine Transliteration},
 issue_date = {December 2010},
 volume = {9},
 number = {4},
 month = dec,
 year = {2010},
 issn = {1530-0226},
 pages = {13:1--13:29},
 articleno = {13},
 numpages = {29},
 url = {http://doi.acm.org/10.1145/1838751.1838752},
 doi = {10.1145/1838751.1838752},
 acmid = {1838752},
 publisher = {ACM},
 address = {New York, NY, USA},
 keywords = {Machine transliteration, compositional machine transliteration, crosslingual information retrieval, multiple evidence, resource reusage, transliterability},
}
@inproceedings{burch-1,
  title={Transliterating from all languages},
  author={Irvine, Ann and Callison-Burch, Chris and Klementiev, Alexandre},
  booktitle={Proceedings of the Conference of the Association for Machine Translation in the Americas (AMTA)},
  year={2010}
}
@inproceedings{li-joshua-1,
 author = {Li, Zhifei and Callison-Burch, Chris and Dyer, Chris and Ganitkevitch, Juri and Khudanpur, Sanjeev and Schwartz, Lane and Thornton, Wren N. G. and Weese, Jonathan and Zaidan, Omar F.},
 title = {Joshua: An Open Source Toolkit for Parsing-based Machine Translation},
 booktitle = {Proceedings of the Fourth Workshop on Statistical Machine Translation},
 series = {StatMT '09},
 year = {2009},
 location = {Athens, Greece},
 pages = {135--139},
 numpages = {5},
 url = {http://dl.acm.org/citation.cfm?id=1626431.1626459},
 acmid = {1626459},
 publisher = {Association for Computational Linguistics},
 address = {Stroudsburg, PA, USA},
}
@InProceedings{report-news2016-1,
  author    = {Duan, Xiangyu  and  Banchs, Rafael  and  Zhang, Min  and  Li, Haizhou  and  Kumaran, A.},
  title     = {Report of NEWS 2016 Machine Transliteration Shared Task},
  booktitle = {Proceedings of the Sixth Named Entity Workshop},
  month     = {August},
  year      = {2016},
  address   = {Berlin, Germany},
  publisher = {Association for Computational Linguistics},
  pages     = {58--72},
  url       = {http://www.aclweb.org/anthology/W16-2709}
}
@inproceedings{huang-name-origin-1,
 author = {Huang, Fei},
 title = {Cluster-specific Named Entity Transliteration},
 booktitle = {Proceedings of the Conference on Human Language Technology and Empirical Methods in Natural Language Processing},
 series = {HLT '05},
 year = {2005},
 location = {Vancouver, British Columbia, Canada},
 pages = {435--442},
 numpages = {8},
 url = {http://dx.doi.org/10.3115/1220575.1220630},
 doi = {10.3115/1220575.1220630},
 acmid = {1220630},
 publisher = {Association for Computational Linguistics},
 address = {Stroudsburg, PA, USA},
}